@book{Cormen2022,
  author    = {Thomas H. Cormen and Charles E. Leiserson and Ronald L. Rivest and Clifford Stein},
  title     = {Introduction to Algorithms},
  edition   = {4},
  publisher = {MIT Press},
  year      = {2022},
  isbn      = {978-0262046305},
  url       = {https://mitpress.mit.edu/9780262046305/introduction-to-algorithms/}
}

@book{SedgewickWayne2011,
  author    = {Robert Sedgewick and Kevin Wayne},
  title     = {Algorithms},
  edition   = {4},
  publisher = {Addison–Wesley},
  year      = {2011},
  isbn      = {978-0321573513},
  url       = {https://algs4.cs.princeton.edu/}
}

@book{Kleinberg2006,
  author    = {Jon Kleinberg and {\'{E}}va Tardos},
  title     = {Algorithm Design},
  publisher = {Pearson / Addison–Wesley},
  year      = {2006},
  isbn      = {978-0321295354},
  url       = {https://www.pearson.com/us/higher-education/program/Kleinberg-Algorithm-Design/PGM310389.html}
}

@book{Skiena2010,
  author    = {Steven S. Skiena},
  title     = {The Algorithm Design Manual},
  edition   = {2},
  publisher = {Springer},
  year      = {2010},
  isbn      = {978-1849967204},
  url       = {https://link.springer.com/book/10.1007/978-1-84800-070-4}
}

@book{Weiss2014,
  author    = {Mark Allen Weiss},
  title     = {Data Structures and Algorithm Analysis in C++},
  edition   = {4},
  publisher = {Pearson},
  year      = {2014},
  isbn      = {978-0132847377},
  url       = {https://www.amazon.com/Data-Structures-Algorithm-Analysis-C/dp/013284737X}
}

@book{Shaffer2001,
  author    = {Clifford A. Shaffer},
  title     = {A Practical Introduction to Data Structures and Algorithm Analysis},
  edition   = {2},
  publisher = {Prentice Hall},
  year      = {2001},
  url       = {https://people.cs.vt.edu/shaffer/Book/}
}
